@misc{sf_open_data,
	title = {SF Open Data},
	howpublished = {\url{https://data.sfgov.org/}},
	note = {Acessado: 2015-10-10}
}

@misc{alcatraz,
	title = {Alcatraz Island},
	howpublished = {\url{https://en.wikipedia.org/wiki/Alcatraz_Island}},
	note = {Acessado: 2015-10-10}
}

@misc{kaggle,
	title = {Kaggle: The home of Data Science},
	howpublished = {\url{https://www.kaggle.com/}},
	note = {Acessado: 2015-10-10}
}

@misc{kaggleforum,
	title = {Kaggle: Competition Forum},
	howpublished = {\url{https://www.kaggle.com/c/sf-crime/forums}},
	note = {Acessado: 2015-12-01}
}

@article{Mcclendon2015,
	author = {Mcclendon, Lawrence and Meghanathan, Natarajan},
	pages = {1--12},
	title = {USING MACHINE LEARNING ALGORITHMS TO ANALYZE CRIME DATA},
	volume = {2},
	year = {2015}
}

@misc{decisionstump,
	title = {Decision Stump - Wikipedia, the free encyclopedia},
	howpublished = {\url{https://en.wikipedia.org/wiki/Decision_stump}},
	note = {Acessado: 2015-12-01}
	
}

@misc{knn,
	title = {KNN - Wikipedia, the free encyclopedia},
	howpublished = {\url{https://en.wikipedia.org/wiki/K-nearest_neighbors_algorithm}},
	note = {Acessado: 2015-12-01}
	
}

@misc{redesneurais,
	title = {redes neurais - Wikipedia, the free encyclopedia},
	howpublished = {\url{https://pt.wikipedia.org/wiki/Rede_neural_artificial}},
	note = {Acessado: 2015-12-01}
	
}

@misc{svm,
	title = {SVM - Wikipedia, the free encyclopedia},
	howpublished = {\url{https://en.wikipedia.org/wiki/Support_vector_machine}},
	note = {Acessado: 2015-12-01}
	
}

@misc{decisiontree,
	title = {Decision Tree - Wikipedia, the free encyclopedia},
	howpublished = {\url{https://en.wikipedia.org/wiki/Decision_tree}},
	note = {Acessado: 2015-12-01}
	
}

@misc{linearregression,
	title = {Linear Regression - Wikipedia, the free encyclopedia},
	howpublished = {\url{https://en.wikipedia.org/wiki/Linear_regression}},
	note = {Acessado: 2015-12-01}
	
}

@misc{additiveregression,
	title = {Additive Model - Wikipedia, the free encyclopedia},
	howpublished = {\url{https://en.wikipedia.org/wiki/Additive_model}},
	note = {Acessado: 2015-12-01}
	
}

@misc{naivebayes,
	title = {Naive Bayes classifier - Wikipedia, the free encyclopedia},
	howpublished = {\url{https://en.wikipedia.org/wiki/Naive_Bayes_classifier}},
	note = {Acessado: 2015-12-01}
	
}

@misc{efavdb,
	title = {Machine learning to predict San Francisco crime},
	howpublished = {\url{http://efavdb.com/predicting-san-francisco-crimes/}},
	note = {Acessado: 2015-10-10}
}

@article{Saeed2015,
	author = {Saeed, Umair and Sarim, Muhammad and Usmani, Amna and Mukhtar, Aniqa and Shaikh, Abdul Basit and Raffat, Sheikh Kashif},
	keywords = {classification,classification rule mining,crime,criminology,expert systems,machine learning},
	mendeley-groups = {RP - Kaggle},
	number = {3},
	pages = {106--114},
	title = {{Application of Machine learning Algorithms in Crime Classification and Classification Rule Mining}},
	volume = {4},
	year = {2015}
}

@misc{Shojaee,
	title = {A Study on Classification Learning Algorithms to Predict Crime Status},
	http://www.researchgate.net/publication/266971832_A_Study_on_Classification_Learning_Algorithms_to_Predict_Crime_Status}},
note = {Acessado: 2015-12-01}
}

@misc{weka,
	title = {Kaggle: The home of Data Science},
	howpublished = {\url{http://www.cs.waikato.ac.nz/ml/weka/}},
	note = {Acessado: 2015-12-01}
}

@misc{featureengi,
	title = {Feature engineering - Wikipedia, the free encyclopedia},
	howpublished = {\url{https://en.wikipedia.org/wiki/Feature_engineering}},
	note = {Acessado: 2015-12-02}
}

@misc{papadopc,
	title = {Predicting crime categories with address featurization and neural nets},
	author = {Papadopoulos, Chris},
	howpublished = {\url{https://www.kaggle.com/c/sf-crime/forums/t/15836/predicting-crime-categories-with-address-featurization-and-neural-nets}},
	note = {Acessado: 2015-12-02}
}

@misc{microsoft,
	title = {Data Transformation / Learning with Counts},
	howpublished = {\url{https://msdn.microsoft.com/en-us/library/azure/dn913056.aspx}},
	note = {Acessado: 2015-11-29}
}

@misc{logit,
	title = {},
	howpublished = {\url{https://en.wikipedia.org/wiki/Logit}},
	note = {Acessado: 2015-12-02}
}

@misc{logloss,
	title = {Multi Class Log Loss},
	howpublished = {\url{https://www.kaggle.com/wiki/MultiClassLogLoss}},
	note = {Acessado: 2015-12-02}
}

@misc{naturallog,
	title = {Natural Logarithm},
	howpublished = {\url{https://en.wikipedia.org/wiki/Natural_logarithm}},
	note = {Acessado: 2015-12-02}
}

@misc{sklearn,
	title = {Scikit-learn: machine learning in Python},
	howpublished = {\url{http://scikit-learn.org/stable/}},
	note = {Acessado: 2015-12-02}
}

@misc{logisticreg,
	title = {Logistic regression - Wikipedia, the free encyclopedia},
	howpublished = {\url{https://en.wikipedia.org/wiki/Logistic_regression}},
	note = {Acessado: 2015-12-02}
}

@misc{mlp,
	title = {Multilayer perceptron - Wikipedia, the free encyclopedia},
	howpublished = {\url{https://en.wikipedia.org/wiki/Multilayer_perceptron}},
	note = {Acessado: 2015-12-02}
}

@misc{svm,
	title = {Support vector machine - Wikipedia, the free encyclopedia},
	howpublished = {\url{https://en.wikipedia.org/wiki/Support_vector_machine}},
	note = {Acessado: 2015-12-02}
}