
     @ARTICLE{lee2005tarboard,
   author = {Lee, Wonwoo and Woo, Woontack and Lee, Jongweon},
   title = {Tarboard: Tangible augmented reality system for table-top game environment},
   journal = {2nd International Workshop on Pervasive Gaming Applications, PerGamese},
   year = {2005},
   volume = {5},
   pages = {0-4}
   }
